@article{Dalquen:2012dx,
author = {Dalquen, Daniel A and Anisimova, Maria and Gonnet, Gaston H and Dessimoz, Christophe},
title = {{ALF--a simulation framework for genome evolution.}},
journal = {Molecular Biology and Evolution},
year = {2012},
volume = {29},
number = {4},
pages = {1115--1123},
month = apr
}


