@article{Abby12,
 author = {S. Abby and E. Tannier and M. Gouy and and V. Daubin},
 title = {Lateral gene transfer as a support for the tree of life},
 year = {2012},
 journal = {Proceedings of the National Academy of Sciences},
 volume = {109},
 number = {542313},
 pages = {4962-4967},
}

@article{Altenho_11,
 author = {AM. Altenho and A. Schneider and GH. Gonnet and and C. Dessimoz},
 title = {Oma 2011: orthology inference among 1000 complete genomes. Nucleic Acids Research},
 year = {2011},
 journal = {Nucleic Acids Research},
 volume = {39},
 number = {suppl 1},
 pages = {D289-D294},
}

@article{Bafna96,
 author = {V. Bafna and P. A. Pevzner},
 title = {Genome rearrangements and sorting by reversals},
 year = {1996},
 journal = {Comput},
 volume = {25},
 number = {2},
 pages = {272-289},
}

@article{Bapteste05,
 author = {E. Bapteste and E. Susko and J. Leigh and D. MacLeod and R. Charlebois and W. Doolittle},
 title = {Do orthologous gene phylogenies really support tree-thinking?},
 year = {2005},
 journal = {BMC Evol Biol},
 volume = {5},
 number = {53},
 pages = {},
}

@article{Donnenberg00,
 author = {MS. Donnenberg},
 title = {Pathogenic strategies of enteric bacteria},
 year = {2000},
 journal = {Nature},
 volume = {406},
 number = {6797},
 pages = {768-774},
}

@article{Doolittle99,
 author = {WF. Doolittle},
 title = {Phylogenetic classification and the universal tree},
 year = {1999},
 journal = {Science},
 volume = {284},
 number = {5423},
 pages = {2124-9},
}

@article{Engstrm07,
 author = {PG. Engstrom and SJ. Ho Sui and O. Drivenes and T. Becker and B. Lenhard},
 title = {Genomic regulatory blocks underlie extensive microsynteny conservation in insects},
 year = {2007},
 journal = {Genome Research},
 volume = {17},
 number = {12},
 pages = {1898-1908},
}

@article{Gogarten02,
 author = {JP. Gogarten and WF. Doolittle and JG. Lawrence},
 title = {Prokaryotic evolution in light of gene transfer},
 year = {2002},
 journal = {Molecular Biology and Evolution},
 volume = {19},
 number = {12},
 pages = {2226-2238},
}

@article{Gogarten05,
 author = {JP. Gogarten and JP. Townsend},
 title = {Horizontal gene transfer, genome innovation and evolution},
 year = {2005},
 journal = {Nat Rev Micro},
 volume = {3},
 number = {9},
 pages = {679-687},
}

@article{Novichkov09,
 author = {PS. Novichkov and YI. Wolf and I. Dubchak and and EV. Koonin},
 title = {Trends in prokaryotic evolution revealed by comparison of closely related bacterial and archaeal genomes},
 year = {2009},
 journal = {Journal of Bacteriology},
 volume = {191},
 number = {1},
 pages = {65-73},
}

@article{Ochman00,
 author = {H. Ochman and JG. Lawrence and and EA. Groisman},
 title = {Lateral gene transfer and the nature of bacterial innovation},
 year = {2000},
 journal = {Nature},
 volume = {405},
 number = {6784},
 pages = {299-304},
}

@article{Pallen07,
 author = {M. Pallen and BW. Wren},
 title = {Bacterial pathogenomics},
 year = {2007},
 journal = {Nature},
 volume = {449},
 number = {7164},
 pages = {835-842},
}

@article{Sankoff-2002,
 title = {Genome rearrangement},
 author = {Sankoff, David and El-Mabrouk, Nadia},
 journal = {Current Topics in Computational Biology},
 pages = {135--155},
 year = {2002},
 publisher = {MIT Press, Cambridge, MA},
}

@article{Zhaxybayeva04,
 author = {O. Zhaxybayeva and P. Lapierre and J. Gogarten},
 title = {Genome mosaicism and organismal lineages},
 year = {2004},
 journal = {Trends Genet},
 volume = {20},
 pages = {254-260},
}

@article{Wu08,
 author = {M. Wu and J. Eisen},
 title = {A simple, fast, and accurate method of phylogenomic inference},
 year = {2008},
 journal = {Genome Biol},
 volume = {9},
 number = {R151},
}

@article{Blanchette99,
 author = {M. Blanchette and T. Kunisawa and D. Sankoff},
 title = {A Gene order breakpoint evidence in animal mitochondrial phylogeny},
 year = {1999},
 journal = {Mol. Evol},
 volume = {49},
 pages = {193–203},
}

@article{Queiroz07,
 author = {A. Queiroz and J. Gatesy},
 title = {The supermatrix approach to systematics},
 year = {2007},
 journal = {Trends in ecology and evolution},
 volume = {22},
 number = {1},
 pages = {34-41},
}

@article{Bininda02,
 author = {O. Bininda-Emonds and J. Gittleman and M. Steel},
 title = {The (super)tree of life: procedures, problems, and prospects},
 year = {2002},
 journal = {Annu. Rev. Ecol. Syst.},
 volume = {33},
 pages = {265–289},
}

@article{Ranwez10,
 author = {V. Ranwez and A. Criscuolo and and EJP. Douzery},
 title = {SUPERTRIPLETS: A triplet-based supertree approach to phylogenomics},
 year = {2010},
 journal = {Bioinformatics},
 volume = {26},
 pages = {i115-i123},
}

@article{Swenson12,
 author = {M. Shel Swenson and Rahul Suri and C. R. Linder and T. Warnow},
 title = {SuperFine: Fast and Accurate Supertree Estimation},
 year = {2012},
 journal = {Syst Biol},
 volume = {61},
 number = {2},
 pages = {214-227},
}

@article{Ragan92,
 title = {Phylogenetic inference based on matrix representation of trees},
 author = {M. Ragan},
 journal = {Molecular phylogenetics and evolution},
 volume = {1},
 number = {1},
 pages = {53-58},
 year = {1992},
}

@article{Nguyen12,
 author = {N. Nguyen and S. Mirarab and T. Warnow},
 title = {MRL and SuperFine+MRL: new supertree methods},
 year = {2012},
 journal = {Algorithms for Molecular Biology},
 pages = {7–3},
}

@article{Ludwig00,
 author = {W. Ludwig and HP. Klenk},
 title = {Overview: A phylogenetic backbone and taxonomic framework for procaryotic systematics},
 year = {2000},
 journal = {Bergey's Manual of Systematic Bacteriology},
 volume = {1},
 number = {2},
 pages = {49-65},
}

@article{Robinson81,
 author = {DF. Robinson and LR. Foulds},
 title = {Comparison of phylogenetic trees},
 year = {1981},
 journal = {Mathematical Biosciences},
 volume = {53},
 number = {1-2},
 pages = {131-147},
}

@article{Snir08,
 author = {S. Snir and T. Warnow and S. Rao},
 title = {Short quartet puzzling: A new quartet-based phylogeny reconstruction algorithm},
 year = {2008},
 journal = {Journal of Computational Biology},
 volume = {15},
 pages = {91–103},
}

@article{Mailund04,
 author = {T. Mailund and CNS. Pedersen},
 title = {QDist—quartet distance between evolutionary trees},
 year = {2004},
 journal = {BIOINFORMATICS APPLICATIONS NOTE},
 volume = {20},
 number = {10},
 pages = {1636–1637},
}

@article{Powell12,
 author = {S. Powell and D. Szklarczyk and K. Trachana and A. Roth and M. Kuhn and J. Muller and R. Arnold and T. Rattei and I. Letunic and T. Doerks and LJ. Jensen and CV. Mering and P. Bork},
 title = {{EggNOG} v3.0: orthologous groups covering 1133 organisms at 41 different taxonomic ranges},
 year = {2012},
 journal = {Nucleic Acids Res},
 volume = {40},
 pages = {284--289},
}

@article{William79,
 author = {HW. Gates and C. Papadimitriou},
 title = {BOUNDS FOR SORTING BY PREFIX REVERSAL},
 year = {1979},
 journal = {Discrete Mathematics},
 volume = {27},
}

@article{Edgar04,
 author = {RC. Edgar},
 title = {MUSCLE: multiple sequence alignment with high accuracy and high throughput},
 year = {2004},
 journal = {Nucleic Acids Res.},
 volume = {19},
 number = {32(5)},
 pages = {1792-7},
}

@article{Stamatakis06,
 author = {A. Stamatakis},
 title = {RAxML-VI-HPC: maximum likelihood-based phylogenetic analyses with thousands of taxa and mixed models},
 year = {2006},
 journal = {Bioinformatics},
 volume = {22},
 number = {21},
 pages = {2688-2690},
}

@book{Swofford81,
  author = {Swofford, D L},
  title = {{PAUP*: Phylogenetic analysis using parsimony (and other methods)}},
  year = {2002},
  publisher = {Sinauer Associates}
}

@article{Felsenstein81,
 author = {J. Felsenstein},
 title = {Evolutionary trees from DNA sequences: A maximum likelihood approach},
 year = {1981},
 journal = {Journal of Molecular Evolution},
 volume = {17},
 number = {6},
 pages = {368–376},
}

@article{Altschul90,
 author = {SF. Altschul and W. Gish and W. Miller and EW. Myers and DJ. Lipman},
 title = {Basic local alignment search tool},
 year = {1990},
 journal = {J. Mol. Biol.},
 volume = {215},
 pages = {403-410},
}

@article{Zhang12,
 author = {H. Zhang and S. Gao and M. J. Lercher and S. Hu and WH. Chen},
 title = {An online tool for visualizing, annotating and managing phylogenetic trees},
 year = {2012},
 journal = {Nucleic Acids Research},
 volume = {40},
 pages = {W569-72},
}

@article{Rajendhran11,
 author = {J. Rajendhran and P. Gunasekaran},
 title = {Microbial phylogeny and diversity: Small subunit ribosomal RNA sequence analysis and beyond},
 year = {2011},
 journal = {Microbiological Research},
 volume = {166},
 number = {2},
 pages = {99–110},
}

@article{Asai99,
 author = {T. Asai and D. Zaporojets and C. Squires},
 title = {An Escherichia coli strain with all chromosomal rRNA operons inactivated: complete exchange of rRNA genes between bacteria},
 year = {1999},
 journal = {proc Natl Acad Sci USA},
 volume = {96},
 pages = {1971–1976},
}

@article{Snel00,
 author = {B. Snel and G. Lehmann and P. Bork and M. A. Huynen},
 title = {STRING: a web-server to retrieve and display the repeatedly occurring neighbourhood of a gene},
 year = {2000},
 journal = {Nucl. Acids Res.},
 volume = {28},
 number = {18},
 pages = {3442-3444},
}

@article{Yuri01,
 author = {YI. Wolf and IB. Rogozin and AS. Kondrashov and EV. Koonin},
 title = {Genome Alignment, Evolution of Prokaryotic Genome Organization, and Prediction of Gene Function Using Genomic Context},
 year = {2001},
 journal = {Genome Res.},
 volume = {11},
 pages = {356-372},
}

@article{Shifman13,
 author = {A. Shifman and N. Ninyo and U. Gophna and S. Snir},
 title = {{Phylo SI}: a new genome-wide approach for prokaryotic phylogeny},
 year = {2014},
 journal = {Nucleic Acids Res},
 volume = {42},
 number = {4},
 pages = {2391--404},
}

@article{Berend99,
 author = {B. Snel and P. Bork and MA. Huynen},
 title = {Genome phylogeny based on gene content},
 year = {1999},
 journal = {Nature Genetics},
 volume = {21},
 pages = {108 - 110},
}

@article{Boppana92,
 author = {R. Boppana and M. Halldórsson},
 title = {Approximating maximum independent sets by excluding subgraphs},
 year = {1992},
 journal = {BIT Numerical Mathematics},
 volume = {32},
 number = {2},
 pages = {180–196},
}

@article{Peter09,
 author = {PJA. Cock and T. Antao and JT. Chang and BA. Chapman and CJ. Cox and A. Dalke and I. Friedberg and T. Hamelryck and F. Kauff and B. Wilczynski and MJL. Hoon},
 title = {Biopython: freely available Python tools for computational molecular biology and bioinformatics},
 year = {1992},
 journal = {Bioinformatics},
 volume = {25},
 number = {11},
 pages = {1422–1423},
}

@article{Levenshtein66,
 author = {VI. Levenshtein},
 title = {Binary Codes Capable of Correcting Deletions, Insertions and Reversals},
 year = {1966},
 journal = {Soviet Physics Doklady},
 volume = {10},
 pages = {707},
}

@article{FELSENSTEIN78,
 author = {J. Felsenstein},
 title = {CASES IN WHICH PARSIMONY OR COMPATIBILITY METHODS WILL BE POSITIVELY MISLEADING},
 year = {1978},
 journal = {Syst Zool},
 volume = {27},
 number = {4},
 pages = {401--410},
}

@article{DeBry92,
 author = {RW. DeBry},
 title = {The Consistency of Several Phylogeny-Inference Methods under Varying Evolutionary Rates},
 year = {1978},
 journal = {Mol Biol Evol},
 volume = {9},
 number = {3},
 pages = {537-551},
}

@article{Steel93,
 author = {M. Steel and D. Penny, and M Hendy},
 title = {Parsimony can be consistent!},
 year = {1993},
 journal = {Systematic Biology},
 volume = {42},
 pages = {581-587},
}

@article{Vinje15,
 author = {H. Vinje and K. Hovde Liland and T. Almøy and L. Snipen},
 title = {Comparing K-mer based methods for improved classification of 16S sequences},
 year = {2015},
 journal = {BMC Bioinformatics},
 volume = {16},
 pages = {581-587},
}

@article{PATRIC,
 author = {Wattam, Alice R. and Davis, James J. and Assaf, Rida and Boisvert, Sébastien and Brettin, Thomas and Bun, Christopher and Conrad, Neal and Dietrich, Emily M. and Disz, Terry and Gabbard, Joseph L. and Gerdes, Svetlana and Henry, Christopher S. and Kenyon, Ronald W. and Machi, Dustin and Mao, Chunhong and Nordberg, Eric K. and Olsen, Gary J. and Murphy-Olson, Daniel E. and Olson, Robert and Overbeek, Ross and Parrello, Bruce and Pusch, Gordon D. and Shukla, Maulik and Vonstein, Veronika and Warren, Andrew and Xia, Fangfang and Yoo, Hyunseung and Stevens, Rick L.},
 title = {Improvements to PATRIC, the all-bacterial Bioinformatics Database and Analysis Resource Center},
 year = {2017},
 journal = {Nucleic Acids Res},
 volume = {45},
 pages = {D535-D542},
}

@article{KMER,
 author = {H. Vinje and K. Hovde Liland and T. Almøy and L. Snipen},
 title = {Comparing K-mer based methods for improved classification of 16S sequences},
 year = {2015},
 journal = {BMC Bioinformatics},
 volume = {3},
 pages = {26},
}

@article{TMC,
 author = {G. Sevillya and Z. Frenkel and S. Snir},
 title = {Triplet MaxCut: a new toolkit for rooted supertree},
 year = {2016},
 journal = {Methods in Ecology and Evolution},
 volume = {3},
 number = {14},
 pages = {1359-–1365},
}

@article{GRAPPA,
 author = {F. Yue and L. Cui and CW. dePamphilis and B. Moret and J. Tang},
 title = {Gene rearrangement analysis and ancestral order inference from chloroplast genomes with inverted repeat},
 year = {2008},
 journal = {BMC Genomics},
 volume = {9},
 pages = {S25},
}

@article{SHOT,
 author = {J. Korbel and B. Snel and M. Huynen and P. Bork},
 title = {SHOT: a web server for the construction of genome phylogenies},
 year = {2002},
 journal = {Trends Genet.},
 volume = {18},
 number = {3},
 pages = {158-62},
}

@article{PHYLIP,
 author = {J. Felsenstein},
 title = {{PHYLIP} -- Phylogeny Inference Package (Version 3.2)},
 year = {1989},
 journal = {Cladistics},
 volume = {5},
 pages = {164--166},
}

@article{RF,
 author = {DF. Robinson},
 title = {Comparison of phylogenetic trees},
 year = {1981},
 journal = {Mathematical Biosciences},
 volume = {53},
 number = {1-2},
 pages = {131-147},
}

@article{SIMPHY,
 author = {M. Diego and O. Martins and L. and P. David},
 title = {SimPhy : Phylogenomic Simulation of Gene, Locus, and Species Trees},
 year = {2016},
 journal = {Syst Biol},
 volume = {65},
 number = {2},
 pages = {334},
}

@article{SEQGEN,
 author = {A. Rambaut and NC. Grassly},
 title = {Seq-Gen: an application for the Monte Carlo simulation of DNA sequence evolution along phylogenetic trees},
 year = {1997},
 journal = {Comput Appl Biosc},
 volume = {13},
 number = {3},
 pages = {235},
}

@article{YULE1,
 author = {HA. Simon},
 title = {On a class of skew distribution functions},
 year = {1955},
 journal = {Biometrika},
 volume = {42},
 number = {3-4},
 pages = {425-440},
}

@article{YULE2,
 author = {M. Steel and A. McKenzie},
 title = {Properties of phylogenetic trees generated by Yule-type speciation models},
 year = {2001},
 journal = {Mathematical Biosciences},
 volume = {170},
 number = {1},
 pages = {91–112},
}

@article{MUSCLE,
 author = {RC. Edgar},
 title = {MUSCLE: multiple sequence alignment with high accuracy and high throughput},
 year = {2004},
 journal = {Nucleic Acids Res},
 volume = {32},
 number = {5},
 pages = {1792–1797},
}

@inproceedings{CLIQUES,
 author = {Aric A. Hagberg and Daniel A. Schult and Pieter J. Swart},
 title = {Exploring network structure, dynamics, and function using {NetworkX}},
 year = {2008},
 urlpdf = {http://math.lanl.gov/~hagberg/Papers/hagberg-2008-exploring.pdf},
 booktitle = {Proceedings of the 7th Python in Science Conference (SciPy2008)},
 editors = {G\"{a}el Varoquaux, Travis Vaught, and Jarrod Millman},
 pages = {11--15},
}

@article{REFSEQ,
 title = {NCBI reference sequences (RefSeq): a curated non-redundant sequence database of genomes, transcripts and proteins},
 author = {Pruitt, Kim D and Tatusova, Tatiana and Maglott, Donna R},
 journal = {Nucleic acids research},
 volume = {35},
 number = {suppl\_1},
 pages = {D61--D65},
 year = {2006},
 publisher = {Oxford University Press},
}

@article{QFIT,
 author = {G. F. Estabrook and F. R. McMorris and C. A. Meacham},
 title = {Comparison of undirected phylogenetic trees based on subtrees of four evolutionary units},
 year = {1985},
 journal = {Syst Zool},
 volume = {34},
 number = {2},
 pages = {193-200},
}

@article{RDP,
 title = {Ribosomal Database Project: data and tools for high throughput rRNA analysis},
 author = {Cole, James R and Wang, Qiong and Fish, Jordan A and Chai, Benli and McGarrell, Donna M and Sun, Yanni and Brown, C Titus and Porras-Alfaro, Andrea and Kuske, Cheryl R and Tiedje, James M},
 journal = {Nucleic acids research},
 volume = {42},
 number = {D1},
 pages = {D633--D642},
 year = {2013},
 publisher = {Oxford University Press},
}

@article{HGT,
 author = {E. Bapteste and E. Susko and J. Leigh and D. MacLeod and R. Charlebois and W. Doolittle},
 title = {Do orthologous gene phylogenies really support tree-thinking?},
 year = {2005},
 journal = {BMC Evol Biol},
 volume = {5},
 number = {53},
}

@article{JACCARD_DISTANCE,
 author = {P. Jaccard.},
 title = {{\'Etude} comparative de la distribution florale dans une portion des
     Alpes et du Jura},
 year = {1901},
 journal = {Bulletin de la Soci\'et\'e Vaudoise des Sciences Naturelles},
 volume = {37},
 number = {142},
 pages = {547--579},
}

@book{MAX-CLIQUES,
 author = {R. Michael and D. Johnson},
 title = {Computers and Intractability; A Guide to the Theory of NP-Completeness},
 year = {1990},
 isbn = {0716710455},
 publisher = {W. H. Freeman \& Co.},
}

@article{Tatusov-COGS,
 author = {R. Tatusov and D. Natale and I. Garkavtsev and T. Tatusova and U. Shankavaram and B. Rao and B. Kiryutin and M. Galperin
and N. Fedorova and E. Koonin},
 title = {The {COG} database: new developments in phylogenetic classification of proteins
from complete genomes},
 year = {2001},
 journal = {Nucleic Acids Res},
 volume = {29},
 pages = {22--28},
}

@article{Novichkov-JBac-2009,
 author = {P.S. Novichkov and Y. I. Wolf and I. Dubchak and E. V. Koonin},
 title = {Trends in Prokaryotic Evolution Revealed by Comparison of Closely Related Bacterial and Archaeal Genomes},
 year = {2009},
 journal = {Journal of Bacteriology},
 volume = {191},
 pages = {65-73},
}

@article{COG-APPROACH,
 author = {M. Y. Galperin and D. M. Kristensen and  K. S. Makarova and Y. I. Wolf and E. V. Koonin},
 title = {Microbial genome analysis: the COG approach},
 year = {2017},
 journal = {Briefings in Bioinformatics},
}

@article{HKY85,
 author = {M. Hasegawa and H. Kishino and T. Yano},
 title = {Dating of human-ape splitting by a molecular clock of mitochondrial
     {DNA}},
 year = {1985},
 journal = {J Mol Evol},
 volume = {22},
 number = {2},
 pages = {160–-174},
}

@article{SIMPSON,
 author = {EH. Simpson},
 title = {Measurement of Diversity},
 year = {1949},
 journal = {Nature},
 number = {163},
 pages = {188},
}

@article{Avni-SystBiol-2015,
 author = {E. Avni and R. Cohen and S. Snir},
 title = {Weighted Quartets Phylogenetics},
 year = {2015},
 journal = {Syst Biol},
 volume = {64},
 number = {3},
 pages = {233-242},
 publisher = {New York},
}

@article{BIC_TABLE_REF,
 author = {D. Nagin},
 title = {Analyzing developmental trajectories: A semiparametric, group-based approach},
 year = {1999},
 journal = {Psychological Methods},
 volume = {4},
 number = {2},
 pages = {139-157},
}

@book{OLS-TRO,
 author = {J. Eisenhauer},
 title = {Regression through the Origin},
 year = {2003},
 journal = {Teaching Statistics},
 volume = {25},
 number = {3},
}

@article{AIC_REF,
 author = {H. Akaike},
 title = {A new look at the statistical model identification},
 year = {1974},
 journal = {IEEE transactions on automatic control},
 volume = {19},
 number = {6},
 pages = {716-723},
 publisher = {Ieee},
}

@article{LRT_REF,
 author = {J. Huelsenbeck and J. Bull and D. Cannatella},
 title = {A Likelihood Ratio Test to Detect Conflicting Phylogenetic Signal},
 year = {1996},
 journal = {Syst Biol},
 volume = {45},
 number = {1},
 pages = {92-98},
}

@article{BIC_REF,
 author = {G. Schwarz},
 title = {Estimating the dimension of a model},
 year = {1978},
 journal = {Annals of Statistics},
 volume = {6},
 number = {2},
 pages = {461-464},
}

@book{AIC_TABLE_REF,
 author = {K. Burnham and D. Anderson},
 title = {Model selection and multimodel inference: a practical information-theoretic approach},
 year = {2003},
 publisher = {Springer Science \& Business Media},
}

@article{Doolittle-Sci-1999,
 author = {W. Doolittle},
 title = {Phylogenetic classification and the universal tree},
 journal = {Science},
 volume = {284},
 number = {5423},
 pages = {2124-9},
 year = {1999},
}

@article{Koonin-ARM-2001,
 author = {EV. Koonin and KS. Makarova and L. Aravind},
 title = {Horizontal gene transfer in prokaryotes: quantification and classification},
 journal = {Annu Rev Microbiol},
 volume = {55},
 pages = {709-42},
 year = {2001},
}

@article{Ochman-Nat-2000,
 author = {H. Ochman and JG. Lawrence and EA> Groisman},
 title = {Lateral gene transfer and the nature of bacterial innovation},
 journal = {Nature},
 volume = {405},
 number = {6784},
 pages = {299-304},
 year = {2000},
}

@article{Puigbo-GBE-2010,
 author = {P. Puigbò and Y. Wolf and EJ. Koonin},
 title = {The Tree and Net Components of Prokaryote Evolution},
 volume = {2},
 pages = {745-756},
 year = {2010},
 journal = {Genome Biology and Evolution},
}

@article{Beiko-PNAS-2005,
 author = {RG. Beiko and TJ. Harlow and MA. Ragan},
 title = {Highways of gene sharing in prokaryotes},
 volume = {102},
 number = {40},
 pages = {14332–14337},
 year = {2005},
 journal = {proceedings of the national academy of sciences},
}

@article{Koonin-JCB-2011,
 author = {KS. Makarova and YI. Wolf and S. Snir and EV. Koonin},
 title = {Defense islands in bacterial and archaeal genomes and prediction of novel defense systems},
 volume = {193},
 number = {21},
 pages = {6039-6056},
 year = {2011},
 journal = {J Bacteriol},
}

@article{Sunagawa-NatMeth-2013,
 author = {S. Sunagawa and DR. Mende and G. Zeller and F. Izquierdo-Carrasco and SA. Berger and JR. Kultima and LP. Coelho and M. Arumugam and J. Tap and HB. Nielsen and S. Rasmussen and S. Brunak and O. Pedersen and F. Guarner and WM. de Vos and J. Wang and J. Li and J. Doré and SD. Ehrlich and A. Stamatakis and P. Bork},
 title = {Metagenomic species profiling using universal phylogenetic marker genes},
 volume = {10},
 number = {21},
 pages = {1196–1199 },
 year = {2013},
 journal = {Nature Methods},
}

@article{Tekaia-JME-99,
 title = {Pervasiveness of Gene Conservation and Persistence of Duplicates in Cellular Genomes},
 author = {F. Tekaia and B. Dujon},
 publisher = {Springer-Verlag},
 journal = {J Mol Evol},
 pages = {591--600},
 volume = {49},
 year = {1999},
 issue = {5},
}

@article{Snel-NatGen-1999,
 title = {Genome phylogeny based on gene content},
 author = {Berend Snel and Peer Bork and Martijn A. Huynen},
 journal = {Nat Genet},
 pages = {108--110},
 volume = {21},
 number = {1},
 year = {1999},
}

@article{Fitz-Gibbon-NAR-1999,
 author = {F. Gibbon AND T. Sorel and H. Christopher},
 title = {Whole genome-based phylogenetic analysis of free-living microorganisms},
 volume = {27},
 number = {21},
 pages = {4218--4222},
 year = {1999},
 journal = {Nucleic Acids Res},
}

@article{Gophna-JBAC-2005,
 author = {U. Gophna and WF. Doolittle and RL. Charlebois.},
 title = {Weighted Genome Trees: Refinements and Applications},
 volume = {187},
 number = {4},
 pages = {1305-1316},
 year = {2005},
 journal = {Journal of Bacteriology},
}

@article{Belda-MBE-2005,
 author = {E. Belda and A. Moya and FJ. Silva},
 title = {Genome Rearrangement Distances and Gene Order Phylogeny in γ-Proteobacteria},
 volume = {22},
 number = {6},
 pages = {1456-1467},
 year = {2005},
 journal = {Molecular Biology and Evolution},
}

@article{Wolf-BMC-2001,
 title = {Genome trees constructed using five different approaches suggest new major bacterial clades},
 author = {Y. Wolf and I. Rogozin and N. Grishin and R. Tatusov and E. Koonin},
 journal = {BMC Evol Biol},
 pages = {8},
 volume = {1},
 number = {1},
 year = {2001},
}

@incollection{Berman-CPM-96,
 title = {Fast sorting by reversal},
 booktitle = {Combinatorial Pattern Matching},
 series = {Lecture Notes in Computer Science},
 author = {P. Berman and S. Hannenhalli},
 editor = {Dan Hirschberg and Gene Myers},
 publisher = {Springer Berlin Heidelberg},
 pages = {168--185},
 volume = {1075},
 year = {1996},
}

@article{Bafna-SICOMP-1996,
 author = {V. Bafna and PA. Pevzner},
 title = {Genome Rearrangements and Sorting by Reversals},
 journal = {SIAM J. Comput.},
 issue_date = {February 1996},
 volume = {25},
 number = {2},
 year = {1996},
 pages = {272--289},
}

@inproceedings{Hannenhalli-FOCS-1995,
 author = {S. Hannenhalli and PA. Pevzner},
 title = {Transforming men into mice (polynomial algorithm for genomic distance problem)},
 booktitle = {Proceedings of the 36th Annual Symposium on Foundations of Computer Science},
 series = {FOCS '95},
 year = {1995},
 isbn = {0-8186-7183-1},
 pages = {581--592},
}

@article{KecSan-Algorithmica-1995,
 author = {JD. Kececioglu and D. Sankoff},
 title = {Exact and Approximation Algorithms for Sorting by Reversals, with Application to Genome Rearrangement},
 journal = {Algorithmica},
 volume = {13},
 year = {1995},
 pages = {180-210},
}

@article{Moret-Bioinf-2001,
 author = {BME. Moret and LS. Wang and T. Warnow and SK. Wyman},
 title = {New approaches for reconstructing phylogenies from gene order data},
 volume = {17},
 number = {suppl 1},
 pages = {S165-S173},
 year = {2001},
 journal = {Bioinformatics},
}

@inproceedings{GRAPPA1,
 title = {A new implementation and detailed study of breakpoint analysis},
 author = {Moret, BM and Wyman, S and Bader, DA and Warnow, T and Yan, M},
 booktitle = {Proc of PSB},
 volume = {213},
 year = {2001},
 pages = {583--94},
}

@article{GRIMM,
 author = {G. Tesler},
 title = {{GRIMM}: genome rearrangements web server},
 volume = {18},
 number = {3},
 pages = {492-493},
 year = {2002},
 journal = {Bioinformatics},
}

@article{Koonin-NUT-MICRO-2016,
 author = {YI. Wolf and KS. Makarova and AE. Lobkovsky and EV. Koonin},
 title = {Two fundamentally different classes of microbial genes},
 volume = {2 },
 number = {16208},
 year = {2016},
 journal = {Nature microbiology},
}

@article{Koonin-JMC-2014,
 author = {P. Puigbò and AE. Lobkovsky and DM. Kristensen and YI Wolf and EV. Koonin},
 title = {Genomes in turmoil: quantification of genome dynamics in prokaryote supergenomes},
 volume = {12},
 number = {66},
 year = {2014},
 journal = {BMC Biology},
}

@article{Bryant-FutMicrBio-2012,
 author = {Bryant, Josephine and Chewapreecha, Claire and Bentley, Stephen D},
 booktitle = {Future Microbiology},
 da = {2012/11/01},
 date = {2012/10/17},
 doi = {10.2217/fmb.12.108},
 isbn = {1746-0913},
 journal = {Future Microbiology},
 journal1 = {Future Microbiology},
 m3 = {doi: 10.2217/fmb.12.108},
 number = {11},
 pages = {1283--1296},
 publisher = {Future Medicine},
 title = {Developing insights into the mechanisms of evolution of bacterial pathogens from whole-genome sequences},
 ty = {JOUR},
 url = {https://doi.org/10.2217/fmb.12.108},
 volume = {7},
 year = {2012},
}

@article{Lee-NAR-2016,
 author = {Lee, Heewook and Doak, Thomas G and Popodi, Ellen and Foster, Patricia L and Tang, Haixu},
 date = {2016/09/06},
 isbn = {0305-1048; 1362-4962},
 j1 = {Nucleic Acids Res},
 journal = {Nucleic Acids Research},
 number = {15},
 pages = {7109--7119},
 publisher = {Oxford University Press},
 title = {Insertion sequence-caused large-scale rearrangements in the genome of Escherichia coli},
 volume = {44},
 year = {2016},
}

@article{MIRA-CurOpMb-2002,
 title = {Microbial genome evolution: sources of variability},
 journal = {Current Opinion in Microbiology},
 volume = {5},
 number = {5},
 pages = {506 - 512},
 year = {2002},
 issn = {1369-5274},
 doi = {https://doi.org/10.1016/S1369-5274(02)00358-2},
 url = {http://www.sciencedirect.com/science/article/pii/S1369527402003582},
 author = {Alex Mira and Lisa Klasson and Siv G.E Andersson},
}

@article{Comas-SystBio-2007,
 author = {Comas, Iñaki and Moya, Andrés and González-Candelas, Fernando },
 title = {From Phylogenetics to Phylogenomics: The Evolutionary Relationships of Insect Endosymbiotic γ-Proteobacteria as a Test Case},
 journal = {Systematic Biology},
 volume = {56},
 number = {1},
 pages = {1-16},
 year = {2007},
 doi = {10.1080/10635150601109759},
 url = { + http://dx.doi.org/10.1080/10635150601109759},
 eprint = {/oup/backfile/content_public/journal/sysbio/56/1/10.1080_10635150601109759/4/56-1-1.pdf},
}

@article{WGS,
 author = {Bertels, Frederic and Silander, Olin K. and Pachkov, Mikhail and Rainey, Paul B. and van Nimwegen, Erik},
 title = {Automated Reconstruction of Whole-Genome Phylogenies from Short-Sequence Reads },
 journal = {Molecular Biology and Evolution},
 volume = {31},
 number = {5},
 pages = {1077-1088},
 year = {2014},
 doi = {10.1093/molbev/msu088},
 url = {http://dx.doi.org/10.1093/molbev/msu088},
 eprint = {/oup/backfile/content_public/journal/mbe/31/5/10.1093_molbev_msu088/1/msu088.pdf},
}

@article{Baum-SystBiol-2009,
 author = {Baum, David A.},
 title = {Species as Ranked Taxa},
 journal = {Systematic Biology},
 volume = {58},
 number = {1},
 pages = {74-86},
 year = {2009},
 doi = {10.1093/sysbio/syp011},
 url = {http://dx.doi.org/10.1093/sysbio/syp011},
 eprint = {/oup/backfile/content_public/journal/sysbio/58/1/10.1093_sysbio_syp011/1/syp011.pdf},
}

@article{Peabody-NatComm-2017,
 author = {Peabody V, George L. and Li, Hao and Kao, Katy C.},
 da = {2017/12/13},
 date-added = {2018-10-13 05:07:28 +0000},
 date-modified = {2018-10-13 05:07:28 +0000},
 doi = {10.1038/s41467-017-02323-4},
 id = {Peabody V2017},
 isbn = {2041-1723},
 journal = {Nature Communications},
 number = {1},
 pages = {2112},
 title = {Sexual recombination and increased mutation rate expedite evolution of Escherichia coli in varied fitness landscapes},
 ty = {JOUR},
 url = {https://doi.org/10.1038/s41467-017-02323-4},
 volume = {8},
 year = {2017},
 bdsk-url-1 = {https://doi.org/10.1038/s41467-017-02323-4},
}

@article{Irelan-Genetics-1994,
 author = {Irelan, J T and Hagemann, A T and Selker, E U},
 journal = {Genetics},
 number = {4},
 pages = {1093--1103},
 title = {High Frequency Repeat-Induced Point Mutation (Rip) Is Not Associated with Efficient Recombination in Neurospora},
 volume = {138},
 year = {1994},
}

@article{Shoukai-JME-2012,
 author = {Yu, Shoukai and Fearnhead, Paul and Holland, Barbara R and Biggs, Patrick and Maiden, Martin and French, Nigel},
 journal = {Journal of molecular evolution},
 number = {0},
 pages = {273--280},
 title = {Estimating the Relative Roles of Recombination and Point Mutation in the Generation of Single Locus Variants in Campylobacter jejuni and Campylobacter coli},
 volume = {74},
 year = {2012},
}

@article{Wolf-NatMB-2016,
 author = {Wolf, Yuri I. and Makarova, Kira S. and Lobkovsky, Alexander E. and Koonin, Eugene V.},
 journal = {Nature Microbiology},
 pages = {16208 EP  -},
 title = {Two fundamentally different classes of microbial genes},
 volume = {2},
 year = {2016},
}

@article{Hanoch-elasticity-1975,
 title = {The Elasticity of Scale and the Shape of Average Costs},
 author = {Hanoch, Giora},
 year = {1975},
 journal = {American Economic Review},
 volume = {65},
 number = {3},
 pages = {492-97},
 url = {https://EconPapers.repec.org/RePEc:aea:aecrev:v:65:y:1975:i:3:p:492-97},
}

@inbook{durrett2008probability,
 title = {Probability Models for DNA Sequence Evolution},
 author = {Durrett, R.},
 isbn = {9780387781693},
 lccn = {2008929756},
 chapter = {3},
 pages = {67},
 series = {Probability and Its Applications},
 year = {2008},
 publisher = {Springer New York},
}

@article{hamming1950error,
 author = {Hamming, Richard W},
 title = {Error detecting and error correcting codes},
 journal = {Bell Syst Tech J},
 year = {1950},
 volume = {29},
 number = {2},
 pages = {147--160},
 publisher = {Wiley Online Library},
}

@article{jukes1969evolution,
 author = {Jukes, Thomas H and Cantor, Charles R},
 title = {Evolution of protein molecules},
 journal = {Mammalian protein metabolism},
 year = {1969},
 volume = {3},
 number = {21},
 pages = {132},
 publisher = {New York},
}

@article{kimura1980simple,
 author = {Kimura, Motoo},
 title = {A simple method for estimating evolutionary rates of base substitutions through comparative studies of nucleotide sequences},
 journal = {J Mol Evol},
 year = {1980},
 volume = {16},
 number = {2},
 pages = {111--120},
 publisher = {Springer},
}

@article{felsenstein1981evolutionary,
 author = {Felsenstein, Joseph},
 title = {Evolutionary trees from {DNA} sequences: a maximum likelihood approach},
 journal = {J Mol Evol},
 year = {1981},
 volume = {17},
 number = {6},
 pages = {368--376},
 publisher = {Springer},
}

@article{hasegawa1985dating,
 author = {Hasegawa, Masami and Kishino, Hirohisa and Yano, Takaki},
 title = {Dating of the human-ape splitting by a molecular clock of
     mitochondrial {DNA}},
 journal = {J Mol Evol},
 year = {1985},
 volume = {22},
 number = {2},
 pages = {160--174},
 publisher = {Springer},
}

@article{tamura1992estimation,
 author = {Tamura, Koichiro},
 title = {Estimation of the number of nucleotide substitutions when there are strong transition-transversion and G+ C-content biases.},
 journal = {Molecular biology and evolution},
 year = {1992},
 volume = {9},
 number = {4},
 pages = {678--687},
}

@article{tamura1993estimation,
 author = {Tamura, Koichiro and Nei, Masatoshi},
 title = {Estimation of the number of nucleotide substitutions in the control region of mitochondrial DNA in humans and chimpanzees.},
 journal = {Molecular biology and evolution},
 year = {1993},
 volume = {10},
 number = {3},
 pages = {512--526},
}

@article{tavare1986some,
 author = {Tavar{\'e}, Simon},
 title = {Some probabilistic and statistical problems in the analysis of {DNA} sequences},
 journal = {Lectures Math Life Sci},
 year = {1986},
 volume = {17},
 number = {2},
 pages = {57--86},
}

@article{yue2008phylogenetic,
 author = {Yue, Feng and Zhang, Meng and Tang, Jijun},
 title = {Phylogenetic reconstruction from transpositions},
 journal = {BMC genomics},
 year = {2008},
 volume = {9},
 number = {2},
 pages = {S15},
 publisher = {BioMed Central},
}

@inbook{mcdiarmid_1989,
 place = {Cambridge},
 series = {Long Math S},
 title = {On the method of bounded differences},
 doi = {10.1017/CBO9781107359949.008},
 booktitle = {Surveys in Combinatorics, 1989: Invited
                  Papers at the Twelfth British Combinatorial 
                  Conference},
 publisher = {Cambridge University Press},
 author = {McDiarmid, Colin},
 year = {1989},
 pages = {148--188},
 collection = {Long Math S},
}

@book{Shapiro-Wilks-book,
 author = {Andy Field},
 title = {Discovering Statistics using IBM SPSS Statistics},
 publisher = {Sage Publications Ltd},
 year = {2013},
 edition = {4},
 isbn = {1446249182},
}

@article{Adato-PLOSCB-2015,
 author = {Adato, Orit and Ninyo, Noga and Gophna, Uri and Snir, Sagi},
 title = {Detecting Horizontal Gene Transfer Between Closely Related Taxa},
 journal = {PLOS Comput Biol},
 year = {2015},
 volume = {11},
 pages = {e1004408},
}

@article{PhyML-systBiol-2010,
 author = {Guindon, St\'ephane and Dufayard, Jean-François and Lefort, Vincent and Anisimova, Maria and Hordijk, Wim and Gascuel, Olivier},
 title = {New Algorithms and Methods to Estimate Maximum-Likelihood Phylogenies:
     Assessing the Performance of {PhyML} 3.0},
 volume = {59},
 number = {3},
 pages = {307--321},
 year = {2010},
 journal = {Syst Biol},
}

@article{HP,
 author = {M. D. Hendy and D. Penny},
 title = { Spectral analysis of phylogenetic data},
 journal = {J Classif},
 year = {1993},
 volume = {10},
 pages = {5--24},
}

@article{HPS,
 author = {M. D. Hendy and D. Penny and M.A. Steel},
 title = { Discrete Fourier analysis for evolutionary trees},
 journal = {P Natl Acad Sci USA},
 year = {1994},
 volume = {91},
 pages = {3339--3343},
}

@article{HPold,
 author = {M. D. Hendy and D. Penny},
 title = {A framework for the quantitative
             study of evolutionary  trees},
 journal = {Syst Zool},
 year = {1989},
 volume = {38},
 pages = {297--309},
}

@article{Serdoz-JTB-2017,
 title = {Maximum likelihood estimates of pairwise rearrangement distances},
 journal = {J Theor Biol},
 volume = {423},
 pages = {31--40},
 year = {2017},
 issn = {0022-5193},
 doi = {https://doi.org/10.1016/j.jtbi.2017.04.015},
 url = {http://www.sciencedirect.com/science/article/pii/S0022519317301790},
 author = {Stuart Serdoz and Attila Egri-Nagy and Jeremy Sumner and Barbara R. Holland and Peter D. Jarvis and Mark M. Tanaka and Andrew R. Francis},
}

@inproceedings{wang-STOC-2001,
 title = {Estimating true evolutionary distances between genomes},
 author = {Wang, Li-San and Warnow, Tandy},
 booktitle = {Proc of STOC},
 pages = {637--646},
 year = {2001},
 organization = {ACM},
}

@inproceedings{Chor-RECOMB-2003,
 author = {B. Chor and A. Khetan and S. Snir},
 title = { Maximum Likelihood on Four Taxa Phylogenetic Trees: Analytic
 Solutions},
 booktitle = {  Proceedings of the Seventh annual
International Conference on Computational Molecular Biology (RECOMB)},
 year = {2003},
 pages = {76-83},
}

@article{Chor-SysBiol-2004,
 author = {B. Chor  and S. Snir},
 title = {Molecular Clock Fork Phylogenies: Closed Form Analytic Maximum Likelihood Solutions},
 journal = { Systematic Biology},
 year = {2004},
 volume = {53},
 pages = {963--967},
}

@inproceedings{Gronau-SODA-2008,
 author = {Gronau, I. and Moran, S. and Snir, S.},
 title = {Fast and Reliable Reconstruction of Phylogenetic Trees with Very Short Branches},
 booktitle = {ACM-SIAM Symposium on Discrete Algorithms (SODA)},
 year = {2008},
}

@article{Jin-Bioinf-2006,
 author = {Jin, G. and Nakhleh, L. and Snir, S. and Tuller, T.},
 title = {Maximum likelihood of phylogenetic networks},
 journal = {Bioinformatics},
 volume = {22},
 number = {21},
 pages = {2604-11},
 year = {2006},
}

@article{Jin-MBE-2007nir,
 author = {Jin, G. and Nakhleh, L. and Snir, S. and Tuller, T.},
 title = {Inferring phylogenetic networks by the maximum parsimony criterion: a case study},
 journal = {Mol Biol Evol},
 volume = {24},
 number = {1},
 pages = {324-37},
 year = {2007},
}

@inproceedings{Snir-WABI-2008,
 author = {Snir, S. and Tuller, T.},
 title = {Novel Phylogenetic Network Inference by Combining Maximum Likelihood and Hidden Markov Models},
 booktitle = {WABI},
 pages = {354-368},
 year = {2008},
}

@article{Biller-RECOMB-CG-2015,
 author = {Biller, Priscila and Gu{\'e}guen, Laurent and Tannier, Eric},
 title = {{Moments of genome evolution by Double Cut-and-Join.}},
 journal = {BMC Bioinformatics},
 year = {2015},
 volume = {16},
 number = {Suppl 14},
 pages = {S7},
}

@article{SANKOFF-DAM-1996,
 title = {Conserved synteny as a measure of genomic distance},
 journal = {Discrete Appl Math},
 volume = {71},
 number = {1},
 pages = {247--257},
 year = {1996},
 issn = {0166-218X},
 doi = {https://doi.org/10.1016/S0166-218X(96)00067-4},
 url = {http://www.sciencedirect.com/science/article/pii/S0166218X96000674},
 author = {D.  Sankoff and J.H. Nadeau},
}


@book{Allen-book-2011,
 title = { An introduction to stochastic processes with applications to biology },
 author = { Allen, L.J.S. },
 publisher = { Boca Raton, FL : Chapman \& Hall/CRC },
 year = { 2011 },
 type = { Book; Book/Illustrated },
 edition = { 2nd },
 isbn = { 9781439818824 (hardback) },
}


